<?xml version="1.0" encoding="UTF-8"?><record xmlns="http://www.loc.gov/MARC21/slim" xmlns:cinclude="http://apache.org/cocoon/include/1.0" xmlns:zs="http://www.loc.gov/zing/srw/">
  <leader>00413nz  a2200133n  4500</leader>
  <controlfield tag="001">n 2007031223</controlfield>
  <controlfield tag="003">DLC</controlfield>
  <controlfield tag="005">20070504075010.0</controlfield>
  <controlfield tag="008">070503n| acannaabn          |a aaa      </controlfield>
  <datafield tag="010" ind1=" " ind2=" ">
    <subfield code="a">n 2007031223</subfield>
  </datafield>
  <datafield tag="040" ind1=" " ind2=" ">
    <subfield code="a">DLC</subfield>
    <subfield code="b">eng</subfield>
    <subfield code="c">DLC</subfield>
  </datafield>
  <datafield tag="100" ind1="1" ind2=" ">
    <subfield code="a">Estarellas Merino, Carlos Ernesto</subfield>
  </datafield>
  <datafield tag="400" ind1="1" ind2=" ">
    <subfield code="a">Merino, Carlos Ernesto Estarellas</subfield>
  </datafield>
  <datafield tag="670" ind1=" " ind2=" ">
    <subfield code="a">Estarellas Merino, Carlos Ernesto. El albaceazgo, 2006:</subfield>
    <subfield code="b">t.p. (Carlos Estarellas Merino)</subfield>
  </datafield>
</record>